see http://en.wikipedia.org/wiki/Bibtex#Examples
and http://www.bibtex.org/Using/

HOW TO CITE
~\cite{XXX}
replace XXX with for example ex1-tutorial-lecture to cite the Tutorial Lecture


@misc{ex1-tutorial-lecture,
title	= "Tutorial Lecture for Exercise 1",
author	= "Stefano Nichele",
institution = "Department of Computer and Information Science, NTNU",
howpublished = {\url{http://www.idi.ntnu.no/emner/tdt4258/_media/ex1.pdf}},
}

@misc{lab-intro-lecture,
title	= "Introduction, TDT4258 Energy Efficient Computer Systems",
author	= "Stefano Nichele",
institution = "Department of Computer and Information Science, NTNU",
howpublished = {\url{http://www.idi.ntnu.no/emner/tdt4258/_media/intro.pdf}},
}

@misc{lab-compendium,
title	= "Lab Assignments in TDT4258 Energy Efficient Computer Systems",
author = "Department of Computer and Information Science, NTNU",
institution = "Department of Computer and Information Science, NTNU",
howpublished = {\url{http://www.idi.ntnu.no/emner/tdt4258/_media/kompendium.pdf}},
}

@misc{AVR32-archdoc,
title	= "AVR32 Architecture Document",
author 	= "Atmel",
howpublished = {\url{http://www.atmel.com/images/doc32000.pdf}},
}

@misc{AVR-assmblguid,
title	= "AVR Assembler User Guide",
author	= "Atmel",
howpublished = {\url{http://www.atmel.com/Images/doc1022.pdf}},
}

@misc{lab-report-guide-UoT,
title	= "Lab Reports",
author = "Faculty of Applied Engineering, University of Toronto",
howpublished = {\url{http://www.engineering.utoronto.ca/Directory/students/ecp/handbook/documents/lab.htm}},
institution = "Faculty of Applied Engineering, University of Toronto",
}

@misc{ap7000jumpers,
title	= "Power jumpers on AP7000",
author  = "Atmel",
howpublished = {\url{http://support.atmel.no/knowledgebase/avr32studiohelp/com.atmel.avr32.tool.stk1000/html/jumper_settings.html#Power_jumpers}},
}

@misc{BSTBS1901Wmanual,
title	= "BST BS1901W manual",
author = "Caltek/BST",
howpublished = {\url{http://www.docstoc.com/docs/67828383/BS1901W}},
}

@misc{AT32AP7000-prelim,
title   = "AVR32 AT32AP7000 Preliminary",
howpublished = {\url{http://www.atmel.com/Images/doc32003.pdf}},
author  = "Atmel",
}
